@inproceedings{sutton1987temporal,
  title={A temporal-difference model of classical conditioning},
  author={Sutton, Richard S and Barto, Andrew G},
  booktitle={Proceedings of the ninth annual conference of the cognitive science society},
  pages={355--378},
  year={1987},
  organization={Seattle, WA}
}
@article{sutton1990time,
  title={Time-derivative models of pavlovian reinforcement.},
  author={Sutton, Richard S and Barto, Andrew G},
  year={1990},
  publisher={The MIT Press}
}
@article{barto1983neuronlike,
  title={Neuronlike adaptive elements that can solve difficult learning control problems},
  author={Barto, Andrew G and Sutton, Richard S and Anderson, Charles W},
  journal={IEEE transactions on systems, man, and cybernetics},
  number={5},
  pages={834--846},
  year={1983},
  publisher={IEEE}
}
@article{woodworth1937experimental,
  title={Experimental Psychology. New York: Holt, 1938},
  author={Woodworth, Robert Sessions},
  journal={Department of Psychology Dartmouth College Hanover, New Hampshire},
  year={1937}
}
@article{bellman1957dynamic,
  title={Dynamic programming, princeton univ},
  author={Bellman, R. E.},
  journal={Prese Princeton, 1957},
  year={1957}
}
@article{bellman1957markov,
  title={A markov decision process. journal of Mathematical Mechanics},
  author={Bellman, R. E.},
  year={1957}
}
@inproceedings{shannon1952presentation,
  title={Presentation of a maze solving machine. Cybernetics: Circular, Casual, and Feedback Mechanisms in Biological and Social Systems},
  author={Shannon, CE},
  booktitle={Transactions Eighth Conference, von Foerster, H., Mead, M. and Teuber, HL (eds). New York, Josiah Macy Jr. Foundation},
  pages={169--181},
  year={1952}
}
@misc{shannon1952theseus,
  title={Theseus‚Äù maze-solving mouse},
  author={Shannon, CE},
  year={1952},
  url={http://cyberneticzoo.com/mazesolvers/1952-%e2%80%93-maze-solving-computer-%e2%80%93-r-a-wallace-american/}
}
@article{schultz2002getting,
  title={Getting formal with dopamine and reward},
  author={Schultz, Wolfram},
  journal={Neuron},
  volume={36},
  number={2},
  pages={241--263},
  year={2002},
  publisher={Elsevier}
}
@article{schultz1997neural,
  title={A neural substrate of prediction and reward},
  author={Schultz, Wolfram and Dayan, Peter and Montague, P Read},
  journal={Science},
  volume={275},
  number={5306},
  pages={1593-1599},
  year={1997},
  publisher={American Association for the Advancement of Science}
}
@article{roelfsema2018control,
  title={Control of synaptic plasticity in deep cortical networks},
  author={Roelfsema, Pieter R and Holtmaat, Anthony},
  journal={Nature Reviews Neuroscience},
  volume={19},
  number={3},
  pages={166},
  year={2018},
  publisher={Nature Publishing Group}
}
@inproceedings{chentanez2005intrinsically,
  title={Intrinsically motivated reinforcement learning},
  author={Chentanez, Nuttapong and Barto, Andrew G and Singh, Satinder P},
  booktitle={Advances in neural information processing systems},
  pages={1281--1288},
  year={2005}
}
@article{schultz1998predictive,
  title={Predictive reward signal of dopamine neurons},
  author={Schultz, Wolfram},
  journal={Journal of neurophysiology},
  volume={80},
  number={1},
  pages={1--27},
  year={1998},
  publisher={American Physiological Society Bethesda, MD}
}
@article{dayan2002reward,
  title={Reward, motivation, and reinforcement learning},
  author={Dayan, Peter and Balleine, Bernard W},
  journal={Neuron},
  volume={36},
  number={2},
  pages={285--298},
  year={2002},
  publisher={Elsevier}
}
@article{reed1996intrinsic,
  title={Intrinsic reinforcing properties of putatively neutral stimuli in an instrumental two-lever discrimination task},
  author={Reed, Phil and Mitchell, Chris and Nokes, Tristan},
  journal={Animal Learning \& Behavior},
  volume={24},
  number={1},
  pages={38--45},
  year={1996},
  publisher={Springer}
}
@article{kakade2002dopamine,
  title={Dopamine: generalization and bonuses},
  author={Kakade, Sham and Dayan, Peter},
  journal={Neural Networks},
  volume={15},
  number={4-6},
  pages={549--559},
  year={2002},
  publisher={Elsevier}
}
@book{sutton1998introduction,
  title={Introduction to reinforcement learning},
  author={Sutton, Richard S and Barto, Andrew G and others},
  volume={2},
  number={4},
  year={1998},
  publisher={MIT press Cambridge}
}
@article{delong2000basal,
  title={The basal ganglia},
  author={DeLong, Mahlon R},
  journal={Principles of neural science},
  volume={4},
  pages={647--659},
  year={2000},
  publisher={McGraw-Hill New York}
}
@article{doya2000complementary,
  title={Complementary roles of basal ganglia and cerebellum in learning and motor control},
  author={Doya, Kenji},
  journal={Current opinion in neurobiology},
  volume={10},
  number={6},
  pages={732--739},
  year={2000},
  publisher={Elsevier}
}
@article{schultz1993responses,
  title={Responses of monkey dopamine neurons to reward and conditioned stimuli during successive steps of learning a delayed response task},
  author={Schultz, Wolfram and Apicella, Paul and Ljungberg, Tomas},
  journal={Journal of neuroscience},
  volume={13},
  number={3},
  pages={900--913},
  year={1993},
  publisher={Soc Neuroscience}
}
@article{stuart1997action,
  title={Action potential initiation and backpropagation in neurons of the mammalian CNS},
  author={Stuart, Greg and Spruston, Nelson and Sakmann, Bert and H{\"a}usser, Michael},
  journal={Trends in neurosciences},
  volume={20},
  number={3},
  pages={125--131},
  year={1997},
  publisher={Elsevier}
}
@article{berns1998computational,
  title={A computational model of how the basal ganglia produce sequences},
  author={Berns, Gregory S and Sejnowski, Terrence J},
  journal={Journal of cognitive neuroscience},
  volume={10},
  number={1},
  pages={108--121},
  year={1998},
  publisher={MIT Press}
}